@article{kim1995acquisition,
  title={Acquisition of linguistic patterns for knowledge-based information extraction},
  author={Kim, Jun-Tae and Moldovan, Dan I.},
  journal={TKDE},
  volume={7},
  number={5},
  pages={713--724},
  year={1995},
  publisher={IEEE}
}

@inproceedings{mooney1999relational,
  title={Relational learning of pattern-match rules for information extraction},
  author={Mooney, R},
  booktitle={Proceedings of AAAI},
  year={1999}
}

@inproceedings{nakashole2012patty,
  title={PATTY: a taxonomy of relational patterns with semantic types},
  author={Nakashole, Ndapandula and Weikum, Gerhard and Suchanek, Fabian},
  booktitle={Proceedings of EMNLP-CoNLL},
  pages={1135--1145},
  year={2012},
}

@inproceedings{culotta2004dependency,
  title={Dependency tree kernels for relation extraction},
  author={Culotta, Aron and Sorensen, Jeffrey},
  booktitle={Proceedings of ACL},
  pages={423},
  year={2004},
}

@inproceedings{bunescu2005shortest,
  title={A shortest path dependency kernel for relation extraction},
  author={Bunescu, Razvan C and Mooney, Raymond J},
  booktitle={Proceedings of EMNLP},
  pages={724--731},
  year={2005},
}

@inproceedings{zhang2006composite,
  title={A composite kernel to extract relations between entities with both flat and structured features},
  author={Zhang, Min and Zhang, Jie and Su, Jian and Zhou, Guodong},
  booktitle={Proceedings of ACL},
  pages={825--832},
  year={2006},
}

@inproceedings{kambhatla2004combining,
  title={Combining lexical, syntactic, and semantic features with maximum entropy models for information extraction},
  author={Kambhatla, Nanda},
  booktitle={Proceedings of the ACL Demo},
  pages={178--181},
  year={2004}
}

@article{soderland1995crystal,
  title={CRYSTAL: Inducing a conceptual dictionary},
  author={Soderland, Stephen and Fisher, David and Aseltine, Jonathan and Lehnert, Wendy},
  journal={arXiv preprint cmp-lg/9505020},
  year={1995}
}

@inproceedings{carlson2010toward,
  title={Toward an architecture for never-ending language learning},
  author={Carlson, Andrew and Betteridge, Justin and Kisiel, Bryan and Settles, Burr and Hruschka, Estevam R and Mitchell, Tom M},
  booktitle={Proceedings of AAAI},
  year={2010}
}

@inproceedings{jiang2017metapad,
  title={Metapad: Meta pattern discovery from massive text corpora},
  author={Jiang, Meng and Shang, Jingbo and Cassidy, Taylor and Ren, Xiang and Kaplan, Lance M and Hanratty, Timothy P and Han, Jiawei},
  booktitle={Proceedings of the 23rd ACM SIGKDD International Conference on Knowledge Discovery and Data Mining},
  pages={877--886},
  year={2017}
}

@inproceedings{guodong2005exploring,
  title={Exploring various knowledge in relation extraction},
  author={GuoDong, Zhou and Jian, Su and Jie, Zhang and Min, Zhang},
  booktitle={Proceedings of ACL},
  pages={427--434},
  year={2005},
}

@inproceedings{jiang2007systematic,
  title={A systematic exploration of the feature space for relation extraction},
  author={Jiang, Jing and Zhai, ChengXiang},
  booktitle={Proceedings of HLT-NAACL},
  pages={113--120},
  year={2007}
}

@inproceedings{roth2002probabilistic,
  title={Probabilistic reasoning for entity \& relation recognition},
  author={Roth, Dan and Yih, Wen-tau},
  booktitle={Proceedings of COLING},
  pages={1--7},
  year={2002},
}

@inproceedings{sarawagi2005semi,
  title={Semi-markov conditional random fields for information extraction},
  author={Sarawagi, Sunita and Cohen, William W},
  booktitle={Proceedings of NIPS},
  pages={1185--1192},
  year={2005}
}

@inproceedings{yu2010jointly,
  title={Jointly identifying entities and extracting relations in encyclopedia text via a graphical model approach},
  author={Yu, Xiaofeng and Lam, Wai},
  booktitle={Proceedings of ACL},
  pages={1399--1407},
  year={2010},
}

@inproceedings{liu2013convolution,
  title={Convolution neural network for relation extraction},
  author={Liu, ChunYang and Sun, WenBo and Chao, WenHan and Che, Wanxiang},
  booktitle={Proceedings of ICDM},
  pages={231--242},
  year={2013},
}

@inproceedings{zeng2014relation,
  title={Relation Classification via Convolutional Deep Neural Network},
  author={Zeng, Daojian and Liu, Kang and Lai, Siwei and Zhou, Guangyou and Zhao, Jun},
  booktitle={Proceedings of COLING},
  pages={2335--2344},
  year={2014}
}

@inproceedings{nguyen2015relation,
  title={Relation extraction: Perspective from convolutional neural networks},
  author={Nguyen, Thien Huu and Grishman, Ralph},
  booktitle={Proceedings of NAACL Workshop},
  pages={39--48},
  year={2015}
}

@inproceedings{zhang2015bidirectional,
  title={Bidirectional long short-term memory networks for relation classification},
  author={Zhang, Shu and Zheng, Dequan and Hu, Xinchen and Yang, Ming},
  booktitle={Proceedings of PACLIC},
  pages={73--78},
  year={2015}
}

@inproceedings{vu2016combining,
  title={Combining Recurrent and Convolutional Neural Networks for Relation Classification},
  author={Vu, Ngoc Thang and Adel, Heike and Gupta, Pankaj and others},
  booktitle={Proceedings of NAACL-HLT},
  pages={534--539},
  year={2016}
}

@inproceedings{zhou2016attention,
  title={Attention-based bidirectional long short-term memory networks for relation classification},
  author={Zhou, Peng and Shi, Wei and Tian, Jun and Qi, Zhenyu and Li, Bingchen and Hao, Hongwei and Xu, Bo},
  booktitle={Proceedings of ACL},
  pages={207--212},
  year={2016}
}

@inproceedings{wang2016relation,
  title={Relation classification via multi-level attention cnns},
  author={Wang, Linlin and Cao, Zhu and De Melo, Gerard and Liu, Zhiyuan},
  booktitle={Proceedings of ACL},
  pages={1298--1307},
  year={2016}
}

@inproceedings{xiao2016semantic,
  title={Semantic relation classification via hierarchical recurrent neural network with attention},
  author={Xiao, Minguang and Liu, Cong},
  booktitle={Proceedings of COLING},
  pages={1254--1263},
  year={2016}
}


@inproceedings{mikolov2013distributed,
  title={Distributed representations of words and phrases and their compositionality},
  author={Mikolov, Tomas and Sutskever, Ilya and Chen, Kai and Corrado, Greg S and Dean, Jeff},
  booktitle={Proceedings of NIPS},
  pages={3111--3119},
  year={2013}
}

@inproceedings{pennington2014glove,
  title={Glove: Global vectors for word representation},
  author={Pennington, Jeffrey and Socher, Richard and Manning, Christopher D},
  booktitle={Proceedings of EMNLP},
  pages={1532--1543},
  year={2014}
}

@inproceedings{peters2018deep,
  title={Deep contextualized word representations},
  author={Peters, Matthew E and Neumann, Mark and Iyyer, Mohit and Gardner, Matt and Clark, Christopher and Lee, Kenton and Zettlemoyer, Luke},
  booktitle={Proceedings of NAACL-HLT},
  pages={2227--2237},
  year={2018}
}

@inproceedings{xu2015classifying,
  title={Classifying relations via long short term memory networks along shortest dependency paths},
  author={Xu, Yan and Mou, Lili and Li, Ge and Chen, Yunchuan and Peng, Hao and Jin, Zhi},
  booktitle={Proceedings of EMNLP},
  pages={1785--1794},
  year={2015}
}

@inproceedings{liu2015dependency,
  title={A Dependency-Based Neural Network for Relation Classification},
  author={Liu, Yang and Wei, Furu and Li, Sujian and Ji, Heng and Zhou, Ming and Wang, Houfeng},
  booktitle={Proceedings of ACL-IJCNLP},
  pages={285--290},
  year={2015}
}

@inproceedings{mintz2009distant,
  title={Distant supervision for relation extraction without labeled data},
  author={Mintz, Mike and Bills, Steven and Snow, Rion and Jurafsky, Dan},
  booktitle={Proceedings of ACL},
  pages={1003--1011},
  year={2009},
}

@inproceedings{nguyen2011end,
  title={End-to-end relation extraction using distant supervision from external semantic repositories},
  author={Nguyen, Truc-Vien T and Moschitti, Alessandro},
  booktitle={Proceedings of ACL-HLT},
  pages={277--282},
  year={2011},
}

@inproceedings{min2013distant,
  title={Distant supervision for relation extraction with an incomplete knowledge base},
  author={Min, Bonan and Grishman, Ralph and Wan, Li and Wang, Chang and Gondek, David},
  booktitle={Proceedings of NAACL-HLT},
  pages={777--782},
  year={2013}
}


@inproceedings{zeng2015distant,
  title={Distant supervision for relation extraction via piecewise convolutional neural networks},
  author={Zeng, Daojian and Liu, Kang and Chen, Yubo and Zhao, Jun},
  booktitle={Proceedings of EMNLP},
  pages={1753--1762},
  year={2015}
}

@inproceedings{lin2016neural,
  title={Neural relation extraction with selective attention over instances},
  author={Lin, Yankai and Shen, Shiqi and Liu, Zhiyuan and Luan, Huanbo and Sun, Maosong},
  booktitle={Proceedings of ACL},
  pages={2124--2133},
  year={2016}
}


@inproceedings{han2018hierarchical,
  title={Hierarchical relation extraction with coarse-to-fine grained attention},
  author={Han, Xu and Yu, Pengfei and Liu, Zhiyuan and Sun, Maosong and Li, Peng},
  booktitle={Proceedings of EMNLP},
  pages={2236--2245},
  year={2018}
}

@article{zhu2019improving,
  title={Improving Distantly Supervised Relation Classification With Attention and Semantic Weight},
  author={Zhu, Zhangdong and Su, Jindian and Zhou, Yang},
  journal={IEEE Access},
  volume={7},
  pages={91160--91168},
  year={2019},
  publisher={IEEE}
}

@inproceedings{ji2017distant,
  title={Distant supervision for relation extraction with sentence-level attention and entity descriptions},
  author={Ji, Guoliang and Liu, Kang and He, Shizhu and Zhao, Jun},
  booktitle={Proceedings of AAAI},
  year={2017}
}

@inproceedings{han2018neural,
  title={Neural knowledge acquisition via mutual attention between knowledge graph and text},
  author={Han, Xu and Liu, Zhiyuan and Sun, Maosong},
  booktitle={Proceedings of AAAI},
  year={2018}
}

@inproceedings{qu2019fine,
  title={A Fine-grained and Noise-aware Method for Neural Relation Extraction},
  author={Qu, Jianfeng and Hua, Wen and Ouyang, Dantong and Zhou, Xiaofang and Li, Ximing},
  booktitle={Proceedings of CIKM},
  pages={659--668},
  year={2019}
}

@inproceedings{verga2016multilingual,
  title={Multilingual Relation Extraction using Compositional Universal Schema},
  author={Verga, Patrick and Belanger, David and Strubell, Emma and Roth, Benjamin and McCallum, Andrew},
  booktitle={Proceedings of NAACL-HLT},
  pages={886--896},
  year={2016}
}

@inproceedings{lin2017neural,
  title={Neural relation extraction with multi-lingual attention},
  author={Lin, Yankai and Liu, Zhiyuan and Sun, Maosong},
  booktitle={Proceedings of ACL},
  pages={34--43},
  year={2017}
}

@inproceedings{wang2018adversarial,
  title={Adversarial multi-lingual neural relation extraction},
  author={Wang, Xiaozhi and Han, Xu and Lin, Yankai and Liu, Zhiyuan and Sun, Maosong},
  booktitle={Proceedings of the 27th International Conference on Computational Linguistics},
  pages={1156--1166},
  year={2018}
}

@inproceedings{liu2017soft,
  title={A soft-label method for noise-tolerant distantly supervised relation extraction},
  author={Liu, Tianyu and Wang, Kexiang and Chang, Baobao and Sui, Zhifang},
  booktitle={Proceedings of EMNLP},
  pages={1790--1795},
  year={2017}
}

@inproceedings{feng2018reinforcement,
  title={Reinforcement learning for relation classification from noisy data},
  author={Feng, Jun and Huang, Minlie and Zhao, Li and Yang, Yang and Zhu, Xiaoyan},
  booktitle={Proceedings of AAAI},
  year={2018}
}

@inproceedings{zeng2018large,
  title={Large scaled relation extraction with reinforcement learning},
  author={Zeng, Xiangrong and He, Shizhu and Liu, Kang and Zhao, Jun},
  booktitle={Proceedings of AAAI},
  year={2018}
}

@inproceedings{wu2017adversarial,
  title={Adversarial training for relation extraction},
  author={Wu, Yi and Bamman, David and Russell, Stuart},
  booktitle={Proceedings of EMNLP},
  pages={1778--1783},
  year={2017}
}

@article{han2020more,
  title={More Data, More Relations, More Context and More Openness: A Review and Outlook for Relation Extraction},
  author={Han, Xu and Gao, Tianyu and Lin, Yankai and Peng, Hao and Yang, Yaoliang and Xiao, Chaojun and Liu, Zhiyuan and Li, Peng and Sun, Maosong and Zhou, Jie},
  journal={arXiv preprint arXiv:2004.03186},
  year={2020}
}

@inproceedings{yao2019docred,
  title={DocRED: A Large-Scale Document-Level Relation Extraction Dataset},
  author={Yao, Yuan and Ye, Deming and Li, Peng and Han, Xu and Lin, Yankai and Liu, Zhenghao and Liu, Zhiyuan and Huang, Lixin and Zhou, Jie and Sun, Maosong},
  booktitle={Proceedings of ACL},
  pages={764--777},
  year={2019}
}

@inproceedings{quirk2017distant,
  title={Distant Supervision for Relation Extraction beyond the Sentence Boundary},
  author={Quirk, Chris and Poon, Hoifung},
  booktitle={Proceedings of EACL},
  pages={1171--1182},
  year={2017}
}


@article{li2016biocreative,
  title={BioCreative V CDR task corpus: a resource for chemical disease relation extraction},
  author={Li, Jiao and Sun, Yueping and Johnson, Robin J and Sciaky, Daniela and Wei, Chih-Hsuan and Leaman, Robert and Davis, Allan Peter and Mattingly, Carolyn J and Wiegers, Thomas C and Lu, Zhiyong},
  journal={Database},
  volume={2016},
  year={2016},
  publisher={Narnia}
}

%cross-sentence RE
@inproceedings{swampillai2011extracting,
  title={Extracting relations within and across sentences},
  author={Swampillai, Kumutha and Stevenson, Mark},
  booktitle={Proceedings of RANLP},
  pages={25--32},
  year={2011}
}

@article{yoshikawa2011coreference,
  title={Coreference based event-argument relation extraction on biomedical text},
  author={Yoshikawa, Katsumasa and Riedel, Sebastian and Hirao, Tsutomu and Asahara, Masayuki and Matsumoto, Yuji},
  journal={Journal of Biomedical Semantics},
  volume={2},
  number={5},
  pages={S6},
  year={2011},
  publisher={BioMed Central}
}

@inproceedings{zeng2017incorporating,
  title={Incorporating Relation Paths in Neural Relation Extraction},
  author={Zeng, Wenyuan and Lin, Yankai and Liu, Zhiyuan and Sun, Maosong},
  booktitle={Proceedings of EMNLP},
  pages={1768--1777},
  year={2017}
}

@inproceedings{christopoulou2018walk,
  title={A Walk-based Model on Entity Graphs for Relation Extraction},
  author={Christopoulou, Fenia and Miwa, Makoto and Ananiadou, Sophia},
  booktitle={Proceedings of ACL},
  pages={81--88},
  year={2018}
}

@article{peng2017cross,
  title={Cross-sentence n-ary relation extraction with graph lstms},
  author={Peng, Nanyun and Poon, Hoifung and Quirk, Chris and Toutanova, Kristina and Yih, Wen-tau},
  journal={TACL},
  volume={5},
  pages={101--115},
  year={2017},
  publisher={MIT Press}
}

@inproceedings{song2018n,
  title={N-ary Relation Extraction using Graph-State LSTM},
  author={Song, Linfeng and Zhang, Yue and Wang, Zhiguo and Gildea, Daniel},
  booktitle={Proceedings of EMNLP},
  pages={2226--2235},
  year={2018}
}

@inproceedings{nguyen2018convolutional,
  title={Convolutional neural networks for chemical-disease relation extraction are improved with character-based word embeddings},
  author={Nguyen, Dat Quoc and Verspoor, Karin},
  booktitle={Proceedings of the ACL BioNLP workshop},
  pages={129--136},
  year={2018}
}

@article{li2018chemical,
  title={Chemical-induced disease extraction via recurrent piecewise convolutional neural networks},
  author={Li, Haodi and Yang, Ming and Chen, Qingcai and Tang, Buzhou and Wang, Xiaolong and Yan, Jun},
  journal={BMC medical informatics and decision making},
  volume={18},
  number={2},
  pages={60},
  year={2018},
  publisher={BioMed Central}
}

@inproceedings{sahu2019inter,
  title={Inter-sentence Relation Extraction with Document-level Graph Convolutional Neural Network},
  author={Sahu, Sunil Kumar and Christopoulou, Fenia and Miwa, Makoto and Ananiadou, Sophia},
  booktitle={Proceedings of the 57th Annual Meeting of the Association for Computational Linguistics},
  pages={4309--4316},
  year={2019}
}

@inproceedings{christopoulou2019connecting,
  title={Connecting the Dots: Document-level Neural Relation Extraction with Edge-oriented Graphs},
  author={Christopoulou, Fenia and Miwa, Makoto and Ananiadou, Sophia},
  booktitle={Proceedings of EMNLP-IJCNLP},
  pages={4927--4938},
  year={2019}
}

@inproceedings{deng2009imagenet,
  title={Imagenet: A large-scale hierarchical image database},
  author={Deng, Jia and Dong, Wei and Socher, Richard and Li, Li-Jia and Li, Kai and Fei-Fei, Li},
  booktitle={Proceedings of CVPR},
  pages={248--255},
  year={2009},
  organization={Ieee}
}

@inproceedings{yosinski2014transferable,
  title={How transferable are features in deep neural networks?},
  author={Yosinski, Jason and Clune, Jeff and Bengio, Yoshua and Lipson, Hod},
  booktitle={Proceedings of CVPR},
  pages={3320--3328},
  year={2014}
}

@inproceedings{dai2015semi,
  title={Semi-supervised sequence learning},
  author={Dai, Andrew M and Le, Quoc V},
  booktitle={Proceedings of NIPS},
  pages={3079--3087},
  year={2015}
}

@inproceedings{howard2018universal,
  title={Universal Language Model Fine-tuning for Text Classification},
  author={Howard, Jeremy and Ruder, Sebastian},
  booktitle={Proceedings of ACL},
  pages={328--339},
  year={2018}
}

@article{merity2017regularizing,
  title={Regularizing and optimizing LSTM language models},
  author={Merity, Stephen and Keskar, Nitish Shirish and Socher, Richard},
  journal={arXiv preprint arXiv:1708.02182},
  year={2017}
}

@inproceedings{devlin2019bert,
  title={BERT: Pre-training of Deep Bidirectional Transformers for Language Understanding},
  author={Devlin, Jacob and Chang, Ming-Wei and Lee, Kenton and Toutanova, Kristina},
  booktitle={Proceedings of NAACL-HLT},
  pages={4171--4186},
  year={2019}
}

@inproceedings{du2018multi,
  title={Multi-Level Structured Self-Attentions for Distantly Supervised Relation Extraction},
  author={Du, Jinhua and Han, Jingguang and Way, Andy and Wan, Dadong},
  booktitle={Proceedings of EMNLP},
  pages={2216--2225},
  year={2018}
}

@inproceedings{wu2019enriching,
  title={Enriching pre-trained language model with entity information for relation classification},
  author={Wu, Shanchan and He, Yifan},
  booktitle={Proceedings of CIKM},
  pages={2361--2364},
  year={2019}
}

@inproceedings{wu2019open,
  title={Open Relation Extraction: Relational Knowledge Transfer from Supervised Data to Unsupervised Data},
  author={Wu, Ruidong and Yao, Yuan and Han, Xu and Xie, Ruobing and Liu, Zhiyuan and Lin, Fen and Lin, Leyu and Sun, Maosong},
  booktitle={Proceedings of EMNLP-IJCNLP},
  pages={219--228},
  year={2019}
}

@inproceedings{soares2019matching,
  title={Matching the Blanks: Distributional Similarity for Relation Learning},
  author={Soares, Livio Baldini and FitzGerald, Nicholas and Ling, Jeffrey and Kwiatkowski, Tom},
  booktitle={Proceedings of ACL},
  pages={2895--2905},
  year={2019}
}

@article{wang2019fine,
  title={Fine-tune Bert for DocRED with Two-step Process},
  author={Wang, Hong and Focke, Christfried and Sylvester, Rob and Mishra, Nilesh and Wang, William},
  journal={arXiv preprint arXiv:1909.11898},
  year={2019}
}

@inproceedings{tang2020hin,
  title={HIN: Hierarchical Inference Network for Document-Level Relation Extraction},
  author={Tang, Hengzhu and Cao, Yanan and Zhang, Zhenyu and Cao, Jiangxia and Fang, Fang and Wang, Shi and Yin, Pengfei},
  booktitle={Proceedings of PAKDD},
  pages={197--209},
  year={2020},
  organization={Springer}
}

@article{gu2017chemical,
  title={Chemical-induced disease relation extraction via convolutional neural network},
  author={Gu, Jinghang and Sun, Fuqing and Qian, Longhua and Zhou, Guodong},
  journal={Database},
  year={2017}
}

@article{gu2016chemical,
  title={Chemical-induced disease relation extraction with various linguistic features},
  author={Gu, Jinghang and Qian, Longhua and Zhou, Guodong},
  journal={Database},
  year={2016}
}

@inproceedings{yang2019xlnet,
  title={Xlnet: Generalized autoregressive pretraining for language understanding},
  author={Yang, Zhilin and Dai, Zihang and Yang, Yiming and Carbonell, Jaime and Salakhutdinov, Russ R and Le, Quoc V},
  booktitle={Proceedings of NIPS},
  pages={5754--5764},
  year={2019}
}

@article{joshi2020spanbert,
  title={Spanbert: Improving pre-training by representing and predicting spans},
  author={Joshi, Mandar and Chen, Danqi and Liu, Yinhan and Weld, Daniel S and Zettlemoyer, Luke and Levy, Omer},
  journal={TACL},
  volume={8},
  pages={64--77},
  year={2020},
  publisher={MIT Press}
}

@inproceedings{gao2019neural,
  title={Neural Snowball for Few-Shot Relation Learning},
  author={Gao, Tianyu and Han, Xu and Xie, Ruobing and Liu, Zhiyuan and Lin, Fen and Lin, Leyu and Sun, Maosong},
  booktitle={Proceedings of AAAI},
  year={2019}
}

@inproceedings{zhang2019ernie,
  title={ERNIE: Enhanced Language Representation with Informative Entities},
  author={Zhang, Zhengyan and Han, Xu and Liu, Zhiyuan and Jiang, Xin and Sun, Maosong and Liu, Qun},
  booktitle={Proceedings of ACL},
  pages={1441--1451},
  year={2019}
}

@article{lewis2019bart,
  title={Bart: Denoising sequence-to-sequence pre-training for natural language generation, translation, and comprehension},
  author={Lewis, Mike and Liu, Yinhan and Goyal, Naman and Ghazvininejad, Marjan and Mohamed, Abdelrahman and Levy, Omer and Stoyanov, Ves and Zettlemoyer, Luke},
  journal={arXiv preprint arXiv:1910.13461},
  year={2019}
}

@inproceedings{song2019mass,
  title={MASS: Masked Sequence to Sequence Pre-training for Language Generation},
  author={Song, Kaitao and Tan, Xu and Qin, Tao and Lu, Jianfeng and Liu, Tie-Yan},
  booktitle={Proceedings of ICML},
  pages={5926--5936},
  year={2019}
}

@inproceedings{dong2019unified,
  title={Unified language model pre-training for natural language understanding and generation},
  author={Dong, Li and Yang, Nan and Wang, Wenhui and Wei, Furu and Liu, Xiaodong and Wang, Yu and Gao, Jianfeng and Zhou, Ming and Hon, Hsiao-Wuen},
  booktitle={Proceedings of NIPS},
  pages={13042--13054},
  year={2019}
}

@article{yuan2020parameter,
  title={Parameter-Efficient Transfer from Sequential Behaviors for User Profiling and Recommendation},
  author={Yuan, Fajie and He, Xiangnan and Karatzoglou, Alexandros and Zhang, Liguang},
  journal={arXiv preprint arXiv:2001.04253},
  year={2020}
}

@article{guu2020realm,
  title={Realm: Retrieval-augmented language model pre-training},
  author={Guu, Kelvin and Lee, Kenton and Tung, Zora and Pasupat, Panupong and Chang, Ming-Wei},
  journal={arXiv preprint arXiv:2002.08909},
  year={2020}
}

